@article{Milo02,
  author = {Milo, R. and Shen-Orr, S. and Itzkovitz, S. and Kashtan, N. and Chklovskii, D. and Alon, U.},
  journal = {Science},
  number = 5594,
  title = {Network Motifs: Simple Building Blocks of Complex Networks},
  volume = 298,
  year = 2002,
}

@article{Blondel2004AMO,
  title={A measure of similarity between graph vertices: Applications to Synonym Extraction and Web Searching},
  author={Vincent D. Blondel and Anah{\'i} Gajardo and Maureen Heymans and Pierre Senellart and Paul Van Dooren},
  journal={SIAM Review},
  year={2004},
  volume={46},
  pages={647-666}
}

@Article{Chung2003,
author="Chung, Fan
and Lu, Linyuan
and Vu, Van",
title="Eigenvalues of Random Power law Graphs",
journal="Annals of Combinatorics",
year="2003",
month="Jun",
day="01",
volume="7",
number="1",
pages="21--33"
}


@article{tree,
  title={Left-deep vs. bushy trees: An analysis of strategy spaces and its implications for query optimization},
  author={Ioannidis, Yannis E and Kang, Younkyung Cha},
  journal={ACM SIGMOD Record},
  volume={20},
  number={2},
  pages={168--177},
  year={1991},
  publisher={ACM}
}


@book{cook2006mining,
  title={Mining graph data},
  author={Cook, Diane J and Holder, Lawrence B},
  year={2006},
  publisher={John Wiley \& Sons}
}

@misc{postorder,
  title = {Data Stucture Algorithms},
  howpublished = {\url{https://www.tutorialspoint.com/data_structures_algorithms/tree_traversal.htm}},
}

@inproceedings{kairam2012life,
  title={The life and death of online groups: Predicting group growth and longevity},
  author={Kairam, Sanjay Ram and Wang, Dan J and Leskovec, Jure},
  booktitle={Proceedings of the fifth ACM international conference on Web search and data mining},
  pages={673--682},
  year={2012},
  organization={ACM}
}

@article{Cannataro2010,
 author = {Cannataro, Mario and Guzzi, Pietro H. and Veltri, Pierangelo},
 title = {Protein-to-protein Interactions: Technologies, Databases, and Algorithms},
 journal = {ACM Comput. Surv.},
 issue_date = {November 2010},
 volume = {43},
 number = {1},
 month = dec,
 year = {2010},
 issn = {0360-0300},
 pages = {1:1--1:36},
 articleno = {1},
 numpages = {36},
 url = {http://doi.acm.org/10.1145/1824795.1824796},
 doi = {10.1145/1824795.1824796},
 acmid = {1824796},
 publisher = {ACM},
 address = {New York, NY, USA},
 keywords = {Protein to protein interaction networks, interactomics, protein complexes, protein to protein interaction databases, systems biology},
} 

@article{cordella2004sub,
  title={A (sub) graph isomorphism algorithm for matching large graphs},
  author={Cordella, Luigi P and Foggia, Pasquale and Sansone, Carlo and Vento, Mario},
  journal={IEEE transactions on pattern analysis and machine intelligence},
  volume={26},
  number={10},
  pages={1367--1372},
  year={2004},
  publisher={IEEE}
}

@inproceedings{Alon08,
  author    = {Noga Alon and
               Phuong Dao and
               Iman Hajirasouliha and
               Fereydoun Hormozdiari and
               S{\"u}leyman Cenk Sahinalp},
  title     = {Biomolecular network motif counting and discovery by color
               coding},
  booktitle = {Proc. of ISMB'08},
  year      = {2008},
}

@article{Przulj07,
  author    = {Natasa Przulj},
  title     = {Biological network comparison using graphlet degree distribution},
  journal   = {Bioinformatics},
  volume    = {23},
  number    = {2},
  year      = {2007},
}

@InProceedings{shervashidze09a,
  title = 	 {Efficient graphlet kernels for large graph comparison},
  author = 	 {Nino Shervashidze and SVN Vishwanathan and Tobias Petri and Kurt Mehlhorn and Karsten Borgwardt},
  pages = 	 {488--495},
  year = 	 {2009},
  volume = 	 {5},
  month = 	 {16--18 Apr},
}

@inproceedings{Yanardag15,
 author = {Yanardag, Pinar and Vishwanathan, S. V. N.},
 title = {A Structural Smoothing Framework for Robust Graph-comparison},
 series = {NIPS'15},
 year = {2015},
 pages = {2134--2142},
} 

@article{Zhao2010,
 author = {Zhao, Peixiang and Han, Jiawei},
 title = {On Graph Query Optimization in Large Networks},
 journal = {PVLDB},
 volume = {3},
 number = {1-2},
 year = {2010},
}

@inproceedings{Yan04,
 author = {Yan, Xifeng and Yu, Philip S. and Han, Jiawei},
 title = {Graph Indexing: A Frequent Structure-based Approach},
 booktitle = {Proceedings of the 2004 ACM SIGMOD International Conference on Management of Data},
 series = {SIGMOD '04},
 year = {2004},
 pages = {335--346},
} 

@misc{neo4j,
  author = {Gorka, Sadowski and Philip, Rathle},
  title = {Improving First-Party Bank Fraud Detection with Graph Databases},
  year = 2016,
  url = {https://neo4j.com/blog/first-party-bank-fraud-detection-graph-databases/},
}

@misc{gremlin,
  title = {Gremlin},
  howpublished = {\url{https://tinkerpop.apache.org/gremlin.html}},
}

@article{Ullmann1976,
 author = {Ullmann, J. R.},
 title = {An Algorithm for Subgraph Isomorphism},
 journal = {J. ACM},
 volume = {23},
 number = {1},
 year = {1976},
 pages = {31--42},
} 

@article{Shang2008,
 author = {Shang, Haichuan and Zhang, Ying and Lin, Xuemin and Yu, Jeffrey Xu},
 title = {Taming Verification Hardness: An Efficient Algorithm for Testing Subgraph Isomorphism},
 journal = {Proc. VLDB Endow.},
 volume = {1},
 number = {1},
 year = {2008},
 pages = {364--375},
}


@inproceedings{Han2013,
 author = {Han, Wook-Shin and Lee, Jinsoo and Lee, Jeong-Hoon},
 title = {Turboiso: Towards Ultrafast and Robust Subgraph Isomorphism Search in Large Graph Databases},
 booktitle = {Proc. of SIGMOD'13},
 year = {2013},
}

@inproceedings{Bi2016,
 author = {Bi, Fei and Chang, Lijun and Lin, Xuemin and Qin, Lu and Zhang, Wenjie},
 title = {Efficient Subgraph Matching by Postponing Cartesian Products},
 series = {SIGMOD '16},
 year = {2016},
 pages = {1199--1214},
 }
 
 @article{Sun2012,
 author = {Sun, Zhao and Wang, Hongzhi and Wang, Haixun and Shao, Bin and Li, Jianzhong},
 title = {Efficient Subgraph Matching on Billion Node Graphs},
 journal = {PVLDB},
 volume = {5},
 number = {9},
 year = {2012},
}

@article{qiao2017subgraph,
  title={Subgraph matching: on compression and computation},
  author={Qiao, Miao and Zhang, Hao and Cheng, Hong},
  journal={Proceedings of the VLDB Endowment},
  volume={11},
  number={2},
  pages={176--188},
  year={2017},
  publisher={VLDB Endowment}
}

@article{Ammar2018,
 author = {Ammar, Khaled and McSherry, Frank and Salihoglu, Semih and Joglekar, Manas},
 title = {Distributed Evaluation of Subgraph Queries Using Worst-case Optimal Low-memory Dataflows},
 journal = {Proc. VLDB Endow.},
 volume = {11},
 number = {6},
 year = {2018},
 pages = {691--704},
} 

@article{Lai2015,
 author = {Lai, Longbin and Qin, Lu and Lin, Xuemin and Chang, Lijun},
 title = {Scalable Subgraph Enumeration in MapReduce},
 journal = {PVLDB},
 volume = {8},
 number = {10},
 year = {2015},
}

@article{Lai2016,
 author = {Lai, Longbin and Qin, Lu and Lin, Xuemin and Zhang, Ying and Chang, Lijun and Yang, Shiyu},
 title = {Scalable Distributed Subgraph Enumeration},
 journal = {Proc. VLDB Endow.},
 volume = {10},
 number = {3},
 year = {2016},
 pages = {217--228},
} 

@article{seed-report,
  title={Scalable Distributed Subgraph Enumeration (Technical Report)}, 
  url={ftp://ftp.cse.unsw.edu.au/pub/doc/papers/UNSW/201606.pdf},
  author={Lai, Longbin and Qin, Lu and Lin, Xuemin and Zhang, Ying},
  year={2016}
}
@inproceedings{Shao2014,
 author = {Shao, Yingxia and Cui, Bin and Chen, Lei and Ma, Lin and Yao, Junjie and Xu, Ning},
 title = {Parallel Subgraph Listing in a Large-scale Graph},
 booktitle = {SIGMOD'14},
 pages = {625--636},
 publisher = {ACM},
 year={2014}
}

@article{Ngo2018,
 author = {Ngo, Hung Q. and Porat, Ely and R{\'e}, Christopher and Rudra, Atri},
 title = {Worst-case Optimal Join Algorithms},
 journal = {J. ACM},
 volume = {65},
 number = {3},
 year = {2018},
}

@inproceedings{Murray2013,
 author = {Murray, Derek G. and McSherry, Frank and Isaacs, Rebecca and Isard, Michael and Barham, Paul and Abadi, Mart\'{\i}n},
 title = {Naiad: A Timely Dataflow System},
 series = {SOSP '13},
 year = {2013},
 pages = {439--455},
} 

@inproceedings{AfratiFU13,
  author    = {Foto N. Afrati and
               Dimitris Fotakis and
               Jeffrey D. Ullman},
  title     = {Enumerating subgraph instances using map-reduce},
  booktitle = {Proc. of ICDE'13},
  year      = {2013},
}

@inproceedings{Grochow2007,
 author = {Grochow, Joshua A. and Kellis, Manolis},
 title = {Network Motif Discovery Using Subgraph Enumeration and Symmetry-breaking},
 booktitle = {Proc. of RECOMB'07},
 year = {2007},
}

@inproceedings{Shao2013,
 author = {Shao, Bin and Wang, Haixun and Li, Yatao},
 title = {Trinity: A Distributed Graph Engine on a Memory Cloud},
 series = {SIGMOD '13},
 year = {2013},
 pages = {505--516},
} 

@book{White2009,
 author = {White, Tom},
 title = {Hadoop: The Definitive Guide},
 year = {2009},
 edition = {1st},
 publisher = {O'Reilly Media, Inc.},
}

@misc{giraph,
  title = {Giraph},
  howpublished = {\url{http://giraph.apache.org/}},
}

@inproceedings{Zaharia2010,
 author = {Zaharia, Matei and Chowdhury, Mosharaf and Franklin, Michael J. and Shenker, Scott and Stoica, Ion},
 title = {Spark: Cluster Computing with Working Sets},
 booktitle = {HotCloud'10},
 pages = {10--10},
}

@article{Low2012,
 author = {Low, Yucheng and Bickson, Danny and Gonzalez, Joseph and Guestrin, Carlos and Kyrola, Aapo and Hellerstein, Joseph M.},
 title = {Distributed GraphLab: A Framework for Machine Learning and Data Mining in the Cloud},
 journal = {Proc. VLDB Endow.},
 volume = {5},
 number = {8},
 year = {2012},
 pages = {716--727},
} 

@inproceedings{McSherry2015,
 author = {McSherry, Frank and Isard, Michael and Murray, Derek G.},
 title = {Scalability! But at What Cost?},
 series = {HOTOS'15},
 year = {2015},
} 

@inproceedings{Malewicz10,
 author = {Malewicz, Grzegorz and Austern, Matthew H. and Bik, Aart J.C and Dehnert, James C. and Horn, Ilan and Leiser, Naty and Czajkowski, Grzegorz},
 title = {Pregel: A System for Large-scale Graph Processing},
 booktitle = {Proc. of SIGMOD'10},
 year = {2010}
}

@INPROCEEDINGS{Shamir97, 
author={R. Shamir and D. Tsur}, 
booktitle={Proceedings of the Fifth Israeli Symposium on Theory of Computing and Systems}, 
title={Faster subtree isomorphism}, 
year={1997}, 
pages={126-131}, 
}

@misc{Ldbc,
  title = {LDBC benchmarks},
  howpublished = {\url{http://ldbcouncil.org/benchmarks}},
}

@misc{LdbcDoc,
  title = {The ldbc social network benchmark.},
  howpublished = {\url{https://ldbc.github.io/ldbc_snb_docs/ldbc-snb-specification.pdf.}},
}

@article{DeWitt1990,
 author = {DeWitt, David J. and Gray, Jim},
 title = {Parallel Database Systems: The Future of Database Processing or a Passing Fad?},
 journal = {SIGMOD Rec.},
 volume = {19},
 number = {4},
 pages = {104--112},
} 

@inproceedings{Zaharia2010,
 author = {Zaharia, Matei and Chowdhury, Mosharaf and Franklin, Michael J. and Shenker, Scott and Stoica, Ion},
 title = {Spark: Cluster Computing with Working Sets},
 booktitle = {HotCloud'10},
 pages = {10--10},
}

@article{Carbone2015,
author = {Carbone, Paris and Katsifodimos, Asterios and Kth, † and Sweden, Sics and Ewen, Stephan and Markl, Volker and Haridi, Seif and Tzoumas, Kostas},
year = {2015},
month = {01},
title = {Apache Flink™: Stream and Batch Processing in a Single Engine},
volume = {38},
booktitle = {IEEE Data Engineering Bulletin}
}

@article{Foster1997,
author = {Foster, Ian},
title = {Designing and building parallel programs:concepts and tools for parallel software engineering},
year = {1997},
month = {01},
}

@inproceedings{Erdos60onthe,
    author = {Paul Erdos and Alfred Renyi},
    title = {On the Evolution of Random Graphs},
    booktitle = {Publ. Math. Inst. Hungary. Acad. Sci.},
    year = {1960},
}

@article{Beame2017,
 author = {Beame, Paul and Koutris, Paraschos and Suciu, Dan},
 title = {Communication Steps for Parallel Query Processing},
 journal = {J. ACM},
 volume = {64},
 number = {6},
 year = {2017},
 pages = {40:1--40:58},
} 

@article{Ngo2014,
 author = {Ngo, Hung Q and R{\'e}, Christopher and Rudra, Atri},
 title = {Skew Strikes Back: New Developments in the Theory of Join Algorithms},
 journal = {SIGMOD Rec.},
 volume = {42},
 number = {4},
 year = {2014},
 pages = {5--16},
} 

@inproceedings{Ioannidis1991,
 author = {Ioannidis, Yannis E. and Kang, Younkyung Cha},
 title = {Left-deep vs. Bushy Trees: An Analysis of Strategy Spaces and Its Implications for Query Optimization},
 booktitle = {SIGMOD'91},
 pages = {168--177},
 year={1991}
}

@article{Chung03,
  author = {Chung, Fan R. K. and Lu, Linyuan and Vu, Van H.},
  journal = {Internet Mathematics},
  number = 3,
  title = {The Spectra of Random Graphs with Given Expected Degrees.},
  volume = 1,
  year = 2003
}

@article{LeeHKL12,
  author    = {Jinsoo Lee and
               Wook-Shin Han and
               Romans Kasperovics and
               Jeong-Hoon Lee},
  title     = {An In-depth Comparison of Subgraph Isomorphism Algorithms
               in Graph Databases},
  journal   = {PVLDB},
  volume    = {6},
  number    = {2},
  year      = {2012},
}

@inproceedings{Han2013,
 author = {Han, Wook-Shin and Lee, Jinsoo and Lee, Jeong-Hoon},
 title = {Turboiso: Towards Ultrafast and Robust Subgraph Isomorphism Search in Large Graph Databases},
 series = {SIGMOD '13},
 pages = {337--348},
} 

@inproceedings{Bi2016,
 author = {Bi, Fei and Chang, Lijun and Lin, Xuemin and Qin, Lu and Zhang, Wenjie},
 title = {Efficient Subgraph Matching by Postponing Cartesian Products},
 series = {SIGMOD '16},
 pages = {1199--1214},
} 

@inproceedings{Suri2011,
 author = {Suri, Siddharth and Vassilvitskii, Sergei},
 title = {Counting Triangles and the Curse of the Last Reducer},
 booktitle = {Proc. of WWW'11},
 year = {2011},
}

@article{Atserias2013,
author = {Atserias, A. and Grohe, M. and Marx, D.},
title = {Size Bounds and Query Plans for Relational Joins},
journal = {SIAM Journal on Computing},
volume = {42},
number = {4},
pages = {1737-1767},
year = {2013},
}

@InProceedings{symmetry-breaking,
author="Grochow, Joshua A.
and Kellis, Manolis",
editor="Speed, Terry
and Huang, Haiyan",
title="Network Motif Discovery Using Subgraph Enumeration and Symmetry-Breaking",
booktitle="Research in Computational Molecular Biology",
year="2007",
publisher="Springer Berlin Heidelberg",
address="Berlin, Heidelberg",
pages="92--106",
abstract="The study of biological networks and network motifs can yield significant new insights into systems biology. Previous methods of discovering network motifs -- network-centric subgraph enumeration and sampling -- have been limited to motifs of 6 to 8 nodes, revealing only the smallest network components. New methods are necessary to identify larger network sub-structures and functional motifs.",
isbn="978-3-540-71681-5"
}


@article{er-model,
  title={On the evolution of random graphs},
  author={Erds, Paul and R{\'e}nyi, Alfr{\'e}d},
  journal={Publ. Math. Inst. Hung. Acad. Sci},
  volume={5},
  pages={17--61},
  year={1960}
}

@inproceedings{pr-model,
  title={A random graph model for massive graphs},
  author={Aiello, William and Chung, Fan and Lu, Linyuan},
  booktitle={Proceedings of the thirty-second annual ACM symposium on Theory of computing},
  pages={171--180},
  year={2000},
  organization={Acm}
}

@article{real-life-pr-1,
  title={Spectra of random graphs with given expected degrees},
  author={Chung, Fan and Lu, Linyuan and Vu, Van},
  journal={Proceedings of the National Academy of Sciences},
  volume={100},
  number={11},
  pages={6313--6318},
  year={2003},
  publisher={National Acad Sciences}
}

@article{real-life-pr-2,
  title={Power-law distributions in empirical data},
  author={Clauset, Aaron and Shalizi, Cosma Rohilla and Newman, Mark EJ},
  journal={SIAM review},
  volume={51},
  number={4},
  pages={661--703},
  year={2009},
  publisher={SIAM}
}

@inproceedings{pr-degree-gen,
  title={Efficient and simple generation of random simple connected graphs with prescribed degree sequence},
  author={Viger, Fabien and Latapy, Matthieu},
  booktitle={International Computing and Combinatorics Conference},
  pages={440--449},
  year={2005},
  organization={Springer}
}

@article{twin-twig,
  title={Scalable subgraph enumeration in mapreduce},
  author={Lai, Longbin and Qin, Lu and Lin, Xuemin and Chang, Lijun},
  journal={Proceedings of the VLDB Endowment},
  volume={8},
  number={10},
  pages={974--985},
  year={2015},
  publisher={VLDB Endowment}
}

@inproceedings{naiad,
  title={Naiad: a timely dataflow system},
  author={Murray, Derek G and McSherry, Frank and Isaacs, Rebecca and Isard, Michael and Barham, Paul and Abadi, Mart{\'\i}n},
  booktitle={Proceedings of the Twenty-Fourth ACM Symposium on Operating Systems Principles},
  pages={439--455},
  year={2013},
  organization={ACM}
}

@inproceedings{gindex,
  title={Graph indexing: a frequent structure-based approach},
  author={Yan, Xifeng and Yu, Philip S and Han, Jiawei},
  booktitle={Proceedings of the 2004 ACM SIGMOD international conference on Management of data},
  pages={335--346},
  year={2004},
  organization={ACM}
}

@inproceedings{tree+,
  title={Graph indexing: tree+ delta<= graph},
  author={Zhao, Peixiang and Yu, Jeffrey Xu and Yu, Philip S},
  booktitle={Proceedings of the 33rd international conference on Very large data bases},
  pages={938--949},
  year={2007},
  organization={VLDB Endowment}
}

@inproceedings{fg-index,
  title={Fg-index: towards verification-free query processing on graph databases},
  author={Cheng, James and Ke, Yiping and Ng, Wilfred and Lu, An},
  booktitle={Proceedings of the 2007 ACM SIGMOD international conference on Management of data},
  pages={857--872},
  year={2007},
  organization={ACM}
}

@inproceedings{gcode,
  title={A novel spectral coding in a large graph database},
  author={Zou, Lei and Chen, Lei and Yu, Jeffrey Xu and Lu, Yansheng},
  booktitle={Proceedings of the 11th international conference on Extending database technology: Advances in database technology},
  pages={181--192},
  year={2008},
  organization={ACM}
}

@inproceedings{ct-index,
  title={CT-index: Fingerprint-based graph indexing combining cycles and trees},
  author={Klein, Karsten and Kriege, Nils and Mutzel, Petra},
  booktitle={Data Engineering (ICDE), 2011 IEEE 27th International Conference on},
  pages={1115--1126},
  year={2011},
  organization={IEEE}
}

@inproceedings{graph-grep-sx,
  title={Enhancing graph database indexing by suffix tree structure},
  author={Bonnici, Vincenzo and Ferro, Alfredo and Giugno, Rosalba and Pulvirenti, Alfredo and Shasha, Dennis},
  booktitle={IAPR International Conference on Pattern Recognition in Bioinformatics},
  pages={195--203},
  year={2010},
  organization={Springer}
}

@article{grapes,
  title={Grapes: A software for parallel searching on biological graphs targeting multi-core architectures},
  author={Giugno, Rosalba and Bonnici, Vincenzo and Bombieri, Nicola and Pulvirenti, Alfredo and Ferro, Alfredo and Shasha, Dennis},
  journal={PloS one},
  volume={8},
  number={10},
  pages={e76911},
  year={2013},
  publisher={Public Library of Science}
}

@inproceedings{graph-grep,
  title={Graphgrep: A fast and universal method for querying graphs},
  author={Giugno, Rosalba and Shasha, Dennis},
  booktitle={Pattern Recognition, 2002. Proceedings. 16th International Conference on},
  volume={2},
  pages={112--115},
  year={2002},
  organization={IEEE}
}

@inproceedings{closure-tree,
  title={Closure-tree: An index structure for graph queries},
  author={He, Huahai and Singh, Ambuj K},
  booktitle={Data Engineering, 2006. ICDE'06. Proceedings of the 22nd International Conference on},
  pages={38--38},
  year={2006},
  organization={IEEE}
}

@book{np-complete,
 author = {Garey, Michael R. and Johnson, David S.},
 title = {Computers and Intractability; A Guide to the Theory of NP-Completeness},
 year = {1979},
 isbn = {0716710455},
 publisher = {W. H. Freeman \& Co.},
 address = {New York, NY, USA},
 pages={203}
} 

@inproceedings{graph-ql,
  title={Graphs-at-a-time: query language and access methods for graph databases},
  author={He, Huahai and Singh, Ambuj K},
  booktitle={Proceedings of the 2008 ACM SIGMOD international conference on Management of data},
  pages={405--418},
  year={2008},
  organization={ACM}
}

@article{spath,
  title={On graph query optimization in large networks},
  author={Zhao, Peixiang and Han, Jiawei},
  journal={Proceedings of the VLDB Endowment},
  volume={3},
  number={1-2},
  pages={340--351},
  year={2010},
  publisher={VLDB Endowment}
}

@inproceedings{turbo-iso,
  title={Turbo iso: towards ultrafast and robust subgraph isomorphism search in large graph databases},
  author={Han, Wook-Shin and Lee, Jinsoo and Lee, Jeong-Hoon},
  booktitle={Proceedings of the 2013 ACM SIGMOD International Conference on Management of Data},
  pages={337--348},
  year={2013},
  organization={ACM}
}

@article{subgraph-boost,
  title={Exploiting vertex relationships in speeding up subgraph isomorphism over large graphs},
  author={Ren, Xuguang and Wang, Junhu},
  journal={Proceedings of the VLDB Endowment},
  volume={8},
  number={5},
  pages={617--628},
  year={2015},
  publisher={VLDB Endowment}
}

@inproceedings{bi-fei,
  title={Efficient subgraph matching by postponing cartesian products},
  author={Bi, Fei and Chang, Lijun and Lin, Xuemin and Qin, Lu and Zhang, Wenjie},
  booktitle={Proceedings of the 2016 International Conference on Management of Data},
  pages={1199--1214},
  year={2016},
  organization={ACM}
}

@inproceedings{comparison,
  title={An in-depth comparison of subgraph isomorphism algorithms in graph databases},
  author={Lee, Jinsoo and Han, Wook-Shin and Kasperovics, Romans and Lee, Jeong-Hoon},
  booktitle={Proceedings of the VLDB Endowment},
  volume={6},
  number={2},
  pages={133--144},
  year={2012},
  organization={VLDB Endowment}
}

@article{arboricity,
  title={Arboricity and subgraph listing algorithms},
  author={Chiba, Norishige and Nishizeki, Takao},
  journal={SIAM Journal on Computing},
  volume={14},
  number={1},
  pages={210--223},
  year={1985},
  publisher={SIAM}
}

@inproceedings{tale,
  title={Tale: A tool for approximate large graph matching},
  author={Tian, Yuanyuan and Patel, Jignesh M},
  booktitle={Data Engineering, 2008. ICDE 2008. IEEE 24th International Conference on},
  pages={963--972},
  year={2008},
  organization={IEEE}
}

@article{alon2008biomolecular,
  title={Biomolecular network motif counting and discovery by color coding},
  author={Alon, Noga and Dao, Phuong and Hajirasouliha, Iman and Hormozdiari, Fereydoun and Sahinalp, S Cenk},
  journal={Bioinformatics},
  volume={24},
  number={13},
  pages={i241--i249},
  year={2008},
  publisher={Oxford University Press}
}

@article{gonen2011counting,
  title={Counting stars and other small subgraphs in sublinear-time},
  author={Gonen, Mira and Ron, Dana and Shavitt, Yuval},
  journal={SIAM Journal on Discrete Mathematics},
  volume={25},
  number={3},
  pages={1365--1411},
  year={2011},
  publisher={SIAM}
}

@inproceedings{zhao2010subgraph,
  title={Subgraph enumeration in large social contact networks using parallel color coding and streaming},
  author={Zhao, Zhao and Khan, Maleq and Kumar, VS Anil and Marathe, Madhav V},
  booktitle={Parallel Processing (ICPP), 2010 39th International Conference on},
  pages={594--603},
  year={2010},
  organization={IEEE}
}

@article{multi-query,
  title={Multi-query optimization for subgraph isomorphism search},
  author={Ren, Xuguang and Wang, Junhu},
  journal={Proceedings of the VLDB Endowment},
  volume={10},
  number={3},
  pages={121--132},
  year={2016},
  publisher={VLDB Endowment}
}

@article{mapreduce,
  title={MapReduce: simplified data processing on large clusters},
  author={Dean, Jeffrey and Ghemawat, Sanjay},
  journal={Communications of the ACM},
  volume={51},
  number={1},
  pages={107--113},
  year={2008},
  publisher={ACM}
}

@inproceedings{pregel,
  title={Pregel: a system for large-scale graph processing},
  author={Malewicz, Grzegorz and Austern, Matthew H and Bik, Aart JC and Dehnert, James C and Horn, Ilan and Leiser, Naty and Czajkowski, Grzegorz},
  booktitle={Proceedings of the 2010 ACM SIGMOD International Conference on Management of data},
  pages={135--146},
  year={2010},
  organization={ACM}
}

@inproceedings{multiway-join,
  title={Enumerating subgraph instances using map-reduce},
  author={Afrati, Foto N and Fotakis, Dimitris and Ullman, Jeffrey D},
  booktitle={Data Engineering (ICDE), 2013 IEEE 29th International Conference on},
  pages={62--73},
  year={2013},
  organization={IEEE}
}

@article{star-join,
  title={Efficient subgraph matching on billion node graphs},
  author={Sun, Zhao and Wang, Hongzhi and Wang, Haixun and Shao, Bin and Li, Jianzhong},
  journal={Proceedings of the VLDB Endowment},
  volume={5},
  number={9},
  pages={788--799},
  year={2012},
  publisher={VLDB Endowment}
}

@article{edge-join,
  title={Inexact subgraph isomorphism in MapReduce},
  author={Plantenga, Todd},
  journal={Journal of Parallel and Distributed Computing},
  volume={73},
  number={2},
  pages={164--175},
  year={2013},
  publisher={Elsevier}
}

@inproceedings{count-tri,
  title={Counting triangles and the curse of the last reducer},
  author={Suri, Siddharth and Vassilvitskii, Sergei},
  booktitle={Proceedings of the 20th international conference on World wide web},
  pages={607--614},
  year={2011},
  organization={ACM}
}

@article{worst-case-optimal-join,
  title={Distributed evaluation of subgraph queries using worst-case optimal low-memory dataflows},
  author={Ammar, Khaled and McSherry, Frank and Salihoglu, Semih and Joglekar, Manas},
  journal={Proceedings of the VLDB Endowment},
  volume={11},
  number={6},
  pages={691--704},
  year={2018},
  publisher={VLDB Endowment}
}

@article{generic-join,
  title={Skew strikes back: New developments in the theory of join algorithms},
  author={Ngo, Hung Q and R{\'e}, Christopher and Rudra, Atri},
  journal={ACM SIGMOD Record},
  volume={42},
  number={4},
  pages={5--16},
  year={2014},
  publisher={ACM}
}

@article{spark,
  title={Spark: Cluster computing with working sets.},
  author={Zaharia, Matei and Chowdhury, Mosharaf and Franklin, Michael J and Shenker, Scott and Stoica, Ion},
  journal={HotCloud},
  volume={10},
  number={10-10},
  pages={95},
  year={2010}
}

@article{flink,
  title={Apache flink: Stream and batch processing in a single engine},
  author={Carbone, Paris and Katsifodimos, Asterios and Ewen, Stephan and Markl, Volker and Haridi, Seif and Tzoumas, Kostas},
  journal={Bulletin of the IEEE Computer Society Technical Committee on Data Engineering},
  volume={36},
  number={4},
  year={2015},
  publisher={IEEE Computer Society}
}

@article{seed-report,
  title={Scalable Distributed Subgraph Enumeration (Technical Report)}, 
  url={ftp://ftp.cse.unsw.edu.au/pub/doc/papers/UNSW/201606.pdf},
  author={Lai, Longbin and Qin, Lu and Lin, Xuemin and Zhang, Ying},
  year={2016}
}

@inproceedings{massive-tri,
  title={Massive graph triangulation},
  author={Hu, Xiaocheng and Tao, Yufei and Chung, Chin-Wan},
  booktitle={Proceedings of the 2013 ACM SIGMOD international conference on Management of data},
  pages={325--336},
  year={2013},
  organization={ACM}
}

@misc{dataflow-join,
  author = {Frank, McSherry},
  title = {Dataflow Join},
  publisher = {GitHub},
  journal = {GitHub repository},
  url = {https://github.com/frankmcsherry/dataflow-join},
  year={2018}
}

@inproceedings{myria,
  title={Demonstration of the Myria big data management service},
  author={Halperin, Daniel and Teixeira de Almeida, Victor and Choo, Lee Lee and Chu, Shumo and Koutris, Paraschos and Moritz, Dominik and Ortiz, Jennifer and Ruamviboonsuk, Vaspol and Wang, Jingjing and Whitaker, Andrew and others},
  booktitle={Proceedings of the 2014 ACM SIGMOD international conference on Management of data},
  pages={881--884},
  year={2014},
  organization={ACM}
}

@inproceedings{dryad,
  title={Dryad: distributed data-parallel programs from sequential building blocks},
  author={Isard, Michael and Budiu, Mihai and Yu, Yuan and Birrell, Andrew and Fetterly, Dennis},
  booktitle={ACM SIGOPS operating systems review},
  volume={41},
  number={3},
  pages={59--72},
  year={2007},
  organization={ACM}
}

@inproceedings{pr-degree,
  title={Random generation of large connected simple graphs with prescribed degree distribution},
  author={Viger, Fabien and Latapy, Matthieu},
  booktitle={11th International Conference on Computing and Combinatorics. Kunming, Yunnan, Chine},
  year={2005}
}

@book{hash-join,
  title={Implementation techniques for main memory database systems},
  author={DeWitt, David J and Katz, Randy H and Olken, Frank and Shapiro, Leonard D and Stonebraker, Michael R and Wood, David A},
  volume={14},
  number={2},
  year={1984},
  publisher={ACM}
}

@inproceedings{cost,
  title={Scalability! but at what COST?},
  author={McSherry, Frank and Isard, Michael and Murray, Derek Gordon},
  booktitle={HotOS},
  year={2015},
  organization={Citeseer}
}

@article{csr,
  title={Graph Storage: How good is CSR really?},
  author={Mahammad, Valiyev},
  url={https://goo.gl/x2NAtZ},
  year={2017}
}

@article{pr-gamma,
  title={Emergence of scaling in random networks},
  author={Barab{\'a}si, Albert-L{\'a}szl{\'o} and Albert, R{\'e}ka},
  journal={science},
  volume={286},
  number={5439},
  pages={509--512},
  year={1999},
  publisher={American Association for the Advancement of Science}
}

@phdthesis{youtube,
        title = {Online Social Networks: Measurement, Analysis, and
                  Applications to Distributed Information Systems}, 
        author = {Alan Mislove},
        school = {Rice University},
        year = {2009}, 
}

@inproceedings{livej,
  title={Group formation in large social networks: membership, growth, and evolution},
  author={Backstrom, Lars and Huttenlocher, Dan and Kleinberg, Jon and Lan, Xiangyang},
  booktitle={Proceedings of the 12th ACM SIGKDD international conference on Knowledge discovery and data mining},
  pages={44--54},
  year={2006},
  organization={ACM}
}

@article{protein,
  title={Efficient estimation of graphlet frequency distributions in protein--protein interaction networks},
  author={Pr{\v{z}}ulj, N and Corneil, Derek G and Jurisica, Igor},
  journal={Bioinformatics},
  volume={22},
  number={8},
  pages={974--980},
  year={2006},
  publisher={Oxford University Press}
}

@article{social,
  title={New specifications for exponential random graph models},
  author={Snijders, Tom AB and Pattison, Philippa E and Robins, Garry L and Handcock, Mark S},
  journal={Sociological methodology},
  volume={36},
  number={1},
  pages={99--153},
  year={2006},
  publisher={SAGE Publications Sage CA: Los Angeles, CA}
}

@inproceedings{chemical,
  title={Graph indexing: a frequent structure-based approach},
  author={Yan, Xifeng and Yu, Philip S and Han, Jiawei},
  booktitle={Proceedings of the 2004 ACM SIGMOD international conference on Management of data},
  pages={335--346},
  year={2004},
  organization={ACM}
}={Oxford University Press}
}

@article{motif-1,
  title={Network motifs: simple building blocks of complex networks},
  author={Milo, Ron and Shen-Orr, Shai and Itzkovitz, Shalev and Kashtan, Nadav and Chklovskii, Dmitri and Alon, Uri},
  journal={Science},
  volume={298},
  number={5594},
  pages={824--827},
  year={2002},
  publisher={American Association for the Advancement of Science}
}

@inproceedings{recommend,
  title={Patterns of influence in a recommendation network},
  author={Leskovec, Jure and Singh, Ajit and Kleinberg, Jon},
  booktitle={Pacific-Asia Conference on Knowledge Discovery and Data Mining},
  pages={380--389},
  year={2006},
  organization={Springer}
}

@article{www,
  title={Self-organization and identification of web communities},
  author={Flake, Gary William and Lawrence, Steve and Giles, C Lee and Coetzee, Frans M},
  journal={Computer},
  volume={35},
  number={3},
  pages={66--70},
  year={2002},
  publisher={IEEE}
}

@article{compress,
  title={A survey on methods and systems for graph compression},
  author={Maneth, Sebastian and Peternek, Fabian},
  journal={arXiv preprint arXiv:1504.00616},
  year={2015}
}

@article{partition,
  title={An experimental comparison of partitioning strategies in distributed graph processing},
  author={Verma, Shiv and Leslie, Luke M and Shin, Yosub and Gupta, Indranil},
  journal={Proceedings of the VLDB Endowment},
  volume={10},
  number={5},
  pages={493--504},
  year={2017},
  publisher={VLDB Endowment}
}
